@inproceedings{zhai:2008,
  author = {Zhai, Edwin and Cummings, Gregory D. and Dong, Yaozu},
  title = {Live Migration with Pass-through Device for Linux VM},
  booktitle = {Proceedings  of  the  Ottawa  Linux Symposium},
  year = {2008},
  pages = {261--267},
}

@article{sinitsyn:2015,
  author = {Sinitsyn, Valentine},
  title = {Jailhouse},
  journal = {Linux J.},
  issue_date = {April 2015},
  volume = {2015},
  number = {252},
  month = apr,
  year = {2015},
  issn = {1075-3583},
  articleno = {2},
  url = {http://dl.acm.org/citation.cfm?id=2775334.2775336},
  acmid = {2775336},
  publisher = {Belltown Media},
  address = {Houston, TX},
}

@inproceedings{tu:2015,
  author = {Tu, Cheng-Chun and Ferdman, Michael and Lee, Chao-tung and Chiueh, Tzi-cker},
  title = {A Comprehensive Implementation and Evaluation of Direct Interrupt Delivery},
  booktitle = {Proceedings of the 11th ACM SIGPLAN/SIGOPS International Conference on Virtual Execution Environments},
  series = {VEE '15},
  year = {2015},
  isbn = {978-1-4503-3450-1},
  location = {Istanbul, Turkey},
  pages = {1--15},
  numpages = {15},
  url = {http://doi.acm.org/10.1145/2731186.2731189},
  doi = {10.1145/2731186.2731189},
  acmid = {2731189},
  publisher = {ACM},
  address = {New York, NY, USA},
  keywords = {hypervisor, i/o performance, i/o virtualization, interrupts, sr-iov},
}

@article{amit:2015,
  author = {Amit, Nadav and Gordon, Abel and Har'El, Nadav and Ben-Yehuda, Muli and Landau, Alex and Schuster, Assaf and Tsafrir, Dan},
  title = {Bare-metal Performance for Virtual Machines with Exitless Interrupts},
  journal = {Commun. ACM},
  issue_date = {January 2016},
  volume = {59},
  number = {1},
  month = dec,
  year = {2015},
  issn = {0001-0782},
  pages = {108--116},
  numpages = {9},
  url = {http://doi.acm.org/10.1145/2845648},
  doi = {10.1145/2845648},
  acmid = {2845648},
  publisher = {ACM},
  address = {New York, NY, USA},
}


